@article{kurakin2016adversarial,
  title={Adversarial machine learning at scale},
  author={Kurakin, Alexey and Goodfellow, Ian and Bengio, Samy},
  journal={arXiv preprint arXiv:1611.01236},
  year={2016}
}

@article{madry2017towards,
  title={Towards deep learning models resistant to adversarial attacks},
  author={Madry, Aleksander and Makelov, Aleksandar and Schmidt, Ludwig and Tsipras, Dimitris and Vladu, Adrian},
  journal={arXiv preprint arXiv:1706.06083},
  year={2017}
}

@article{rauber2017foolbox,
  title={Foolbox v0. 8.0: A python toolbox to benchmark the robustness of machine learning models},
  author={Rauber, Jonas and Brendel, Wieland and Bethge, Matthias},
  journal={arXiv preprint arXiv:1707.04131},
  year={2017}
}
@inproceedings{berg2013you,
  title={How do you tell a blackbird from a crow?},
  author={Berg, Thomas and Belhumeur, Peter N},
  booktitle={Proceedings of the IEEE International Conference on Computer Vision},
  pages={9--16},
  year={2013}
}